@article{hmx,
  author = {Odersky, Martin and Sulzmann, Martin and Wehr, Martin},
  year = {1999},
  month = {01},
  pages = {35-55},
  title = {Type Inference with Constrained Types},
  volume = {5},
  journal = {TAPOS},
  doi = {10.1002/(SICI)1096-9942(199901/03)5:1<35::AID-TAPO4>3.0.CO;2-4}
}
@article{sts,
  title = {Syntactic Type Soundness for HM(X)},
  journal = {Electronic Notes in Theoretical Computer Science},
  volume = {75},
  pages = {61-74},
  year = {2003},
  note = {TIP'02, International Workshop in Types in Programming},
  issn = {1571-0661},
  doi = {https://doi.org/10.1016/S1571-0661(04)80779-5},
  url = {https://www.sciencedirect.com/science/article/pii/S1571066104807795},
  author = {Christian Skalka and François Pottier},
}
@book{atapl,
  author = {Pierce, Benjamin C.},
  title = {Advanced Topics in Types and Programming Languages},
  year = {2004},
  isbn = {0262162288},
  publisher = {The MIT Press}
}
@misc{sysf,
  title = {Typability and type checking in the second-order Λ-calculus are equivalent and undecidable (Preliminary Draft)},
  author = {Wells, J., B.},
  year = {1993},
  URL = {https://open.bu.edu/handle/2144/1474},
  publisher = {OpenBU}
}
@article{hm,
  title = {A theory of type polymorphism in programming},
  journal = {Journal of Computer and System Sciences},
  volume = {17},
  number = {3},
  pages = {348-375},
  year = {1978},
  issn = {0022-0000},
  doi = {https://doi.org/10.1016/0022-0000(78)90014-4},
  url = {https://www.sciencedirect.com/science/article/pii/0022000078900144},
  author = {Robin Milner}
}

@article{hmr,
  author = {Ohori, Atsushi},
  title = {A Polymorphic Record Calculus and Its Compilation},
  year = {1995},
  issue_date = {Nov. 1995},
  publisher = {Association for Computing Machinery},
  address = {New York, NY, USA},
  volume = {17},
  number = {6},
  issn = {0164-0925},
  url = {https://doi.org/10.1145/218570.218572},
  doi = {10.1145/218570.218572},
  journal = {ACM Trans. Program. Lang. Syst.},
  month = {nov},
  pages = {844–895},
  numpages = {52},
  keywords = {type inference, type theory, polymorphism, record calculus, compilation}
}

@inproceedings{syso,
  author = {Odersky, Martin and Wadler, Philip and Wehr, Martin},
  title = {A Second Look at Overloading},
  year = {1995},
  isbn = {0897917197},
  publisher = {Association for Computing Machinery},
  address = {New York, NY, USA},
  url = {https://doi.org/10.1145/224164.224195},
  doi = {10.1145/224164.224195},
  booktitle = {Proceedings of the Seventh International Conference on Functional Programming Languages and Computer Architecture},
  pages = {135–146},
  numpages = {12},
  location = {La Jolla, California, USA},
  series = {FPCA '95}
}